@article{ho,
  title={Broadcasting network},
  author={Holt, Fred B and Bourassa, Virgil E},
  year={2004},
  month=dec # "~7",
  publisher={Google Patents},
  note={US Patent 6,829,634}
}